@article{SC,
  author =       "Mehdi Boukhechbaa and Abdenour Bouzouanea and Sébastien Gabourya and Charles Gouin-Vallerandb and Sylvain Girouxc and Bruno Bouchardd",
  title =        "A novel Bluetooth low energy based system for spatial exploration in smart cities",
  journal =      "Expert Systems With Applications",
  volume =       "77",
  pages =        "71--82",
  year =         "2017",
  DOI =          "http://dx.doi.org/10.1016/j.eswa.2017.01.052"
}

@article{crowdsensing,
    author    = "Chien-Ming Chang and Yennun Huang and Szu-Chuang Li",
    title     = "rowdsensing route reconstruction using portable bluetooth beacon-based two-way network",
    year      = "2016",
    journal   = "ACM Press",
    pages     = "265--268",
    DOI       = "doi:10.1145/2968219.2971361"
}

@article{IOT,
    author    = "Andrea Zanella and Nicola Bui and Angelo Castellani and Lorenzo Vangelista and Michele Zorzi",
    title     = "nternet of things for smart cities",
    year      = "2014",
    journal   = "IEEE internet of Things Journal",
    pages     = "22--32",
    DOI       = "doi:10.1109/JIOT.2014.2306328"
}

@article{DBSCAN,
    author    = "Sanjay Chakraborty and N.K. Nagwani and Lopamudra Dey",
    title     = "Performance comparison of incrementalkmeans and incremental DBSCAN algorithms",
    year      = "2011",
    journal   = "International Journal of Computer Applications",
    pages     = "14--18",
    DOI       = "doi:10.5120/3346-4611"
}

@article{openstreetmap,
    author    = "Michele Ruta and Floriano Scioscia and Saverio Ieva and Giuseppe Loseto and Eugenio Di Sciascio",
    title     = "Semantic annotation of openstreetmap points of interest for mobile discovery and navigation",
    year      = "2012",
    journal   = "IEEE",
    pages     = "33--39",
    DOI       = "doi:10.1109/MobServ.2012.17"
}

@misc{waze,
  title = {Waze App},
  howpublished = {\url{https://www.waze.com/}},
  note = {Accessed: 2016-03-01}
}

@misc{bluetooth,
  title = {Bluetooth 5.0: Here’s Why The New Wireless Standard Matters},
  howpublished = {\url{http://www.ibtimes.com/bluetooth-50-heres-why-new-wireless-standard-matters-2383305}},
  note = {Accessed: 2016-03-01}
}